@article{duboue-dijon_building_2021,
  title = {Building Intuition for Binding Free Energy Calculations: {{Bound}} State Definition, Restraints, and Symmetry},
  shorttitle = {Building Intuition for Binding Free Energy Calculations},
  author = {{Dubou{\'e}-Dijon}, E. and H{\'e}nin, J.},
  year = {2021},
  month = may,
  journal = {J. Chem. Phys.},
  volume = {154},
  number = {20},
  pages = {204101},
  issn = {0021-9606, 1089-7690},
  doi = {10.1063/5.0046853},
  langid = {english},
}

@misc{alibay_ialibaymdrestraintsgenerator_2021,
  title = {{{IAlibay}}/{{MDRestraintsGenerator}}: {{MDRestraintsGenerator}} 0.1.0},
  shorttitle = {{{IAlibay}}/{{MDRestraintsGenerator}}},
  author = {Alibay, Irfan},
  year = {2021},
  month = mar,
  doi = {10.5281/ZENODO.4570556},
  abstract = {First initial release of the MDRestraintsGenerator code. This release will be the first zenodo entry for this repository. Note: this code is not feature complete and non-API stable.},
  copyright = {Open Access},
  howpublished = {Zenodo},
  url = {10.5281/zenodo.4570556}
}

@article{alibay_evaluating_2022,
  title = {Evaluating the Use of Absolute Binding Free Energy in the Fragment Optimisation Process},
  author = {Alibay, Irfan and Magarkar, Aniket and Seeliger, Daniel and Biggin, Philip Charles},
  year = {2022},
  month = sep,
  journal = {Commun Chem},
  volume = {5},
  number = {1},
  pages = {105},
  issn = {2399-3669},
  doi = {10.1038/s42004-022-00721-4},
  langid = {english}
}

@article{boresch_absolute_2003,
  title = {Absolute {{Binding Free Energies}}: {{A Quantitative Approach}} for {{Their Calculation}}},
  shorttitle = {Absolute {{Binding Free Energies}}},
  author = {Boresch, Stefan and Tettinger, Franz and Leitgeb, Martin and Karplus, Martin},
  year = {2003},
  month = sep,
  journal = {J. Phys. Chem. B},
  volume = {107},
  number = {35},
  pages = {9535--9551},
  issn = {1520-6106, 1520-5207},
  doi = {10.1021/jp0217839},
  langid = {english}
}

@article{gilson_statistical-thermodynamic_1997,
  title = {The Statistical-Thermodynamic Basis for Computation of Binding Affinities: A Critical Review},
  shorttitle = {The Statistical-Thermodynamic Basis for Computation of Binding Affinities},
  author = {Gilson, M.K. and Given, J.A. and Bush, B.L. and McCammon, J.A.},
  year = {1997},
  month = mar,
  journal = {Biophys. J.},
  volume = {72},
  number = {3},
  pages = {1047--1069},
  issn = {00063495},
  doi = {10.1016/S0006-3495(97)78756-3},
  langid = {english}
}

@article{mey2020best,
  title={Best Practices for Alchemical Free Energy Calculations [Article v1.0]},
  author={Mey, Antonia S. J. S. and Allen, Brice K. and Macdonals, Hannah E. Bruce and Chodera, John D. and Hahn, David F. and Kuhn, Maximilian and Michel, Julien and Mobley, David L. and Naden, levi N. and Prasad, Samarjeet and Rizzi, Andrea and Scheen, Jenke and Shirts, Michael R. and Tresadern, Gary and Xu, Huafeng},
  journal={Living Journal of Computational Molecular Science},
  volume={2},
  number={1},
  pages={18378},
  year={2020},
  doi = {10.33011/livecoms.2.1.18378}
}
References
@article{cournia_allen_sherman_2017,
title={Relative Binding Free Energy Calculations in Drug Discovery: Recent Advances and Practical Considerations},
volume={57}, 
DOI={10.1021/acs.jcim.7b00564},
number={12},
journal={Journal of Chemical Information and Modeling},
author={Cournia, Zoe and Allen, Bryce and Sherman, Woody},
year={2017},
pages={2911-2937}
}

@article{kuhn_firth-clark_tosco_mey_mackey_michel_2020,
title={Assessment of Binding Affinity via Alchemical Free-Energy Calculations},
volume={60},
DOI={10.1021/acs.jcim.0c00165},
number={6},
journal={Journal of Chemical Information and Modeling},
author={Kuhn, Maximilian and Firth-Clark, Stuart and Tosco, Paolo and Mey, Antonia S. J. S. and Mackey, Mark and Michel, Julien},
year={2020},
pages={3120-3130}
}

@article{Zwier2010,
    title = {Reaching biological timescales with all-atom molecular dynamics simulations},
    journal = {Current Opinion in Pharmacology},
    volume = {10},
    number = {6},
    pages = {745-752},
    year = {2010},
    doi = {https://doi.org/10.1016/j.coph.2010.09.008},
    url = {https://www.sciencedirect.com/science/article/pii/S1471489210001463},
    author = {Matthew C. Zwier and Lillian T. Chong}
}

@article{Choy2017,
	author			= {Meng S. Choy and Yang Li and Luciana E.S.F. Machado and Micha B.A. Kunze and Christopher R. Connors and Xingyu Wei and Kresten Lindorff-Larsen and Rebecca Page and Wolfgang Peti},
	title			= {Conformational Rigidity and Protein Dynamics at Distinct Timescales Regulate PTP1B Activity and Allostery},
	journal			= {Mol. Cell},
	volume			= {65},
	year			= {2017},
	pages			= {644--658},
        doi = {10.1016/j.molcel.2017.01.014}
}

@article{Wells2007,
    author = {Wells, David B. and Abramkina, Volha and Aksimentiev, Aleksei},
    title = {Exploring transmembrane transport through α-hemolysin with grid-steered molecular dynamics},
    journal = {The Journal of Chemical Physics},
    volume = {127},
    year = {2007},
    doi = {10.1063/1.2770738},
    url = {https://doi.org/10.1063/1.2770738},
    note = {125101}
}

@online{HecBioSim_benchmark,
    title = {JADE2 benchmark},
    url = {https://www.hecbiosim.ac.uk/access-hpc/our-benchmark-results/jade2-benchmarks},
    urldate = {2023-06-26},
}

@article{Isralewitz2001,
	author			= {Barry Isralewitz and Mu Gao and Klaus Schulten},
	title			= {Steered Molecular Dynamics and Mechanical Functions of Proteins},
	journal			= {Curr. Opin. Struct. Biol.},
	year			= {2001},
	volume			= {11},
	pages			= {224-230},
        doi= {10.1016/s0959-440x(00)00194-9}
}

@article{Tribello2014,
	author			= {Gareth A. Tribello and Massimiliano Bonomi  and Davide Branduardi and Carlo Camilloni and Giovanni Bussi},
	title			= {PLUMED 2: New Feathers for an Old Bird},
	year			= {2014},
	journal			= {Comput. Phys. Commun.},
	volume			= {185},
	pages			= {604--613},
        doi = {10.1016/j.cpc.2013.09.018}
}

@article{Potterton2019,
    author = {Potterton, Andrew and Husseini, Fouad S. and Southey, Michelle W. Y. and Bodkin, Mike J. and Heifetz, Alexander and Coveney, Peter V. and Townsend-Nicholson, Andrea},
    title = {Ensemble-Based Steered Molecular Dynamics Predicts Relative Residence Time of A2A Receptor Binders},
    journal = {Journal of Chemical Theory and Computation},
    volume = {15},
    number = {5},
    pages = {3316-3330},
    year = {2019},
    doi = {10.1021/acs.jctc.8b01270},
    url = {https://doi.org/10.1021/acs.jctc.8b01270},
}

@article{sMD_druggability,
	author			= {Clement Agoni and Fisayo A. Olotu and Pritika Ramharack and Mahmoud E. Soluman},
	title			= {Druggability and Drug-Likeness Concepts in Drug Design: Are Biomodelling and Predictive Tools Having Their Say?},
	journal			= {Journal of Molecular Modeling},
	year			= {2020},
	volume			= {26},
	url 			= {https://doi.org/10.1007/s00894-020-04385-6}
}

@article{sMD_scott-ppi-2016,
	author			= {Duncan E. Scott and Andrew R. Bayly and Chris Abell and John Skidmore},
	title			= {Small molecules, big targets:
	drug discovery faces the protein–
	protein interaction challenge},
	journal			= {Nature Reviews},
	year			= {2016},
	volume			= {15},
	pages			= {533--550}
}

@article{sMD_ptp-rev-druggability,
	author			= {Zhong-Yin Zhang},
	title			= {Drugging the Undruggable: Therapeutic  Potential of Targeting Protein Tyrosine Phosphatases},
	journal			= {Accounts of Chemical Research},
	year			= {2017},
	volume			= {50},
	pages			= {122--129},
	url				= {https://doi.org/10.1021/acs.accounts.6b00537}
}

@article{sMD_Verkhivker-allostery,
	author			= {Gennady M. Verkhivker and Steve Agajanian and Guang Hu and Peng Tao},
	title			= {Allosteric Regulation at the Crossroads of New Technologies: Multiscale Modeling, Networks, and Machine Learning},
	journal			= {Frontiers in  Molecular Biosciences},
	year			= {2020},
	volume			= {7},
	url				= {https://doi.org/10.3389/fmolb.2020.00136}
}

@article{sMD_Motlagh-allostery,
	author			= {Hesam N. Motlagh and James O. Wrabl and Jing Li and Vincent J. Hilser},
	title			= {The Ensemble Nature of Allostery},
	journal			= {Nature},
	year			= {2014},
	volume			= {508},
	pages			= {331--339},
	url 			= {https://doi.org/10.1038/nature13001}
}

@article{sMD_Prinz,
	author			= {Jan-Hendrik Prinz and Hao Wu and Marco Sarich and Bettina Keller and Martin Senne and Martin Held and John D. Chodera and Christof Schutte and Frank Noé},
	title			= {Markov Models of Molecular Kinetis: Generation and Validation},
	journal			= {Journal of Chemical Physics},
	year			= {2011},
	volume			= {134},
	url 			= {https://doi.org/10.1063/1.3565032}
}

@article{sMD_Husic-msm,
	author			= {Brooke E. Husic and Vijay S. Pande},
	title			= {Markov State Models: From an Art to a Science},
	journal			= {Journal of the American Chemical Society},
	year			= {2018},
	volume			= {140},
	pages			= {2386--2396},
	url 			= {https://doi.org/10.1021/jacs.7b12191}
}

@article{sMD_ptp1b-diabetes,
	author			= {F. Ahmad and P. M. Li and J. Meyerovitch and B. J. Goldstein},
	title			= {Osmotic loading of neutralizing antibodies demonstrates a role for protein-tyrosine phosphatase 1B in negative regulation of the insulin action pathway},
	journal			= {Journal of Biological Chemistry},
	year			= {1995},
	volume			= {270},
	pages			= {20503--20508},
	url				= {https://doi: 10.1074/jbc.270.35.20503}
}

@article{sMD_Wiesman,
	author			= {Christian Wiesmann and Kenneth J. Barr1 and Jenny Kung and Jiang Zhu and Daniel A. Erlanson and Wang Shen and Bruce J. Fahr and Min Zhong and Lisa Taylor and Mike Randal1 and Robert S. McDowell1 and Stig K. Hansen},
	title			= {Allosteric Inhibition of Protein Tyrosine Phosphatase 1B},
	journal			= {Nature Structural and Molecular Biology},
	volume			= {11},
	year			= {2004},
	pages			= {730--737},
        doi = {10.1038/nsmb803}
}

@article{bss_paper,
        doi = {10.21105/joss.01831},
        url = {https://doi.org/10.21105/joss.01831},
        year = {2019},
        publisher = {Journal of Open Source Software},
        volume = {4},
        number = {43},
        pages = {1831},
        author = {Lester O. Hedges and Antonia S. J. S. Mey and Charles A. Laughton and Francesco L. Gervasio and Adrian J. Mulholland and Christopher J. Woods and Julien Michel},
        title = {BioSimSpace: An interoperable Python framework for biomolecular simulation}, journal = {Journal of Open Source Software} 
}

@unpublished{amber_ref,
	author 			= {D.A. Case and K. Belfon and I.Y. Ben-Shalom and S.R. Brozell and D.S. Cerutti and T.E. Cheatham III and V.W.D. Cruzeiro and T.A. Darden and R.E. Duke and G. Giambasu and M.K. Gilson and H. Gohlke and A.W. Goetz and R. Harris and S. Izadi and S.A. Izmailov and K. Kasavajhala and A. Kovalenko and R. Krasny and T. Kurtzman and T.S. Lee and S. LeGrand and P. Li and C. Lin and J. Liu and T. Luchko and R. Luo and V. Man and K.M. Merz and Y. Miao and O. Mikhailovskii and G. Monard and H. Nguyen and A. Onufriev and F.Pan and S. Pantano and R. Qi and D.R. Roe and A. Roitberg and C. Sagui and S. Schott-Verdugo and J. Shen and C.L. Simmerling and N.R.Skrynnikov and J. Smith and J. Swails and R.C. Walker and J. Wang and L. Wilson and R.M. Wolf and X. Wu and Y. Xiong and Y. Xue and D.M. York and P.A. Kollman},
	note			= { AMBER 2020},
	year			= {2020},
	institution		= {University of California, San Francisco}
}

@article{gromacs_ref,
    author          = {M.J. Abraham and T. Murtola and R. Schulz and S. Páll and J.C. Smith and B. Hess and E. Lindahl},
    title           = {GROMACS: High performance molecular simulations through multi-level parallelism from laptops to supercomputers},
    journal         = {SoftwareX},
    volume          = {1},
    issue           = {2},
    pages           = {19--25},
    year            = {2015},
    doi             = {10.1016/j.softx.2015.06.001}
}

@article{McGibbon2015MDTraj,
    title = {MDTraj: A Modern Open Library for the Analysis of
    Molecular Dynamics Trajectories},
    author = {McGibbon, Robert T. and Beauchamp, Kyle A. and Harrigan,
    Matthew P. and Klein, Christoph and Swails, Jason M. and
    Hern{\'a}ndez, Carlos X.  and Schwantes, Christian R. and Wang,
    Lee-Ping and Lane, Thomas J. and Pande, Vijay S.},
    journal = {Biophysical Journal},
    volume = {109},
    number = {8},
    pages = {1528 -- 1532},
    year = {2015},
    doi = {10.1016/j.bpj.2015.08.015}
}

@software{oliver_beckstein_2023_7809117,
  author       = {Oliver Beckstein and
                  David Dotson and
                  Zhiyi Wu and
                  Dominik Wille and
                  Domenico Marson and
                  Ian Kenney and
                  shuail and
                  Hyungro Lee and
                  trje3733 and
                  Victoria Lim and
                  Alexander Schlaich and
                  Irfan Alibay and
                  Jérôme Hénin and
                  Mohammad Soroush Barhaghi and
                  Pascal Merz and
                  Tom Joseph and
                  Wei-Tse Hsu},
  title        = {alchemistry/alchemlyb: 2.0.1},
  month        = apr,
  year         = 2023,
  publisher    = {Zenodo},
  version      = {2.0.1},
  doi          = {10.5281/zenodo.7809117},
  url          = {https://doi.org/10.5281/zenodo.7809117}
}

@InProceedings{ oliver_beckstein-proc-scipy-2016,
  author    = { {R}ichard {J}. {G}owers and {M}ax {L}inke and {J}onathan {B}arnoud and {T}yler {J}. {E}. {R}eddy and {M}anuel {N}. {M}elo and {S}ean {L}. {S}eyler and {J}an {D}omanski and {D}avid {L}. {D}otson and {S}ebastien {B}uchoux and {I}an {M}. {K}enney and {O}liver {B}eckstein },
  title     = { {M}{D}{A}nalysis: {A} {P}ython {P}ackage for the {R}apid {A}nalysis of {M}olecular {D}ynamics {S}imulations },
  booktitle = { {P}roceedings of the 15th {P}ython in {S}cience {C}onference },
  pages     = { 98 - 105 },
  year      = { 2016 },
  editor    = { {S}ebastian {B}enthall and {S}cott {R}ostrup },
  doi       = { 10.25080/Majora-629e541a-00e }
}

@article{namd,
  added-at = {2008-03-01T00:16:18.000+0100},
  author = {Phillips, J. C. and Braun, R. and Wang, W. and Gumbart, J. and Tajkhorshid, E. and Villa, E. and Chipot, C. and Skeel, R. D. and Kale, L. and Schulten, K.},
  biburl = {https://www.bibsonomy.org/bibtex/22b721a78e11a5484b921ea9987495aeb/lpk},
  interhash = {5f383cd769dfbd4d733950c2e4b2dfbd},
  intrahash = {2b721a78e11a5484b921ea9987495aeb},
  journal = {Journal of Computational Chemistry},
  keywords = {imported},
  number = 16,
  pages = {1781-1802},
  timestamp = {2008-03-01T00:16:22.000+0100},
  title = {Scalable molecular dynamics with NAMD},
  volume = 26,
  year = 2005,
   doi = {10.1002/jcc.20289}
}

@article{Limongelli2013,
  doi = {10.1073/pnas.1303186110},
  url = {https://doi.org/10.1073/pnas.1303186110},
  year = {2013},
  month = apr,
  publisher = {Proceedings of the National Academy of Sciences},
  volume = {110},
  number = {16},
  pages = {6358--6363},
  author = {Vittorio Limongelli and Massimiliano Bonomi and Michele Parrinello},
  title = {Funnel metadynamics as accurate binding free-energy method},
  journal = {Proceedings of the National Academy of Sciences}
}

@article{Saleh2017,
  doi = {10.1021/acs.jcim.6b00772},
  url = {https://doi.org/10.1021/acs.jcim.6b00772},
  year = {2017},
  month = may,
  publisher = {American Chemical Society ({ACS})},
  volume = {57},
  number = {5},
  pages = {1210--1217},
  author = {Noureldin Saleh and Passainte Ibrahim and Giorgio Saladino and Francesco Luigi Gervasio and Timothy Clark},
  title = {An Efficient Metadynamics-Based Protocol To Model the Binding Affinity and the Transition State Ensemble of G-Protein-Coupled Receptor Ligands},
  journal = {Journal of Chemical Information and Modeling}
}

@article{Evans2020,
  doi = {10.1021/acs.jctc.0c00075},
  url = {https://doi.org/10.1021/acs.jctc.0c00075},
  year = {2020},
  month = may,
  publisher = {American Chemical Society ({ACS})},
  volume = {16},
  number = {7},
  pages = {4641--4654},
  author = {Rhys Evans and Ladislav Hovan and Gareth A. Tribello and Benjamin P. Cossins and Carolina Estarellas and Francesco L. Gervasio},
  title = {Combining Machine Learning and Enhanced Sampling Techniques for Efficient and Accurate Calculation of Absolute Binding Free Energies},
  journal = {Journal of Chemical Theory and Computation}
}

@article{Wehmeyer_2019,
    place={Boulder, CO, USA},
    title={Introduction to Markov state modeling with the PyEMMA software [Article v1.0]},
    volume={1},
    url={https://livecomsjournal.org/index.php/livecoms/article/view/v1i1e5965},
    DOI={10.33011/livecoms.1.1.5965}, 
    abstractNote={&amp;lt;p&amp;gt;This tutorial provides an introduction to the construction of Markov models of molecular kinetics from molecular dynamics trajectory data with the PyEMMA software. Using tutorial notebooks, we will guide the user through the basic functionality as well as the more common advanced mechanisms. Short exercises to self check the learning progress and a notebook on troubleshooting complete this basic introduction.&amp;lt;/p&amp;gt;}, 
    number={1}, 
    journal={Living Journal of Computational Molecular Science}, 
    author={Wehmeyer, Christoph and Scherer, Martin K. and Hempel, Tim and Husic, Brooke E. and Olsson, Simon and Noé, Frank},
    year={2019}, 
    month={Nov.}, 
    pages={5965} 
}

@article{Hardie2023,
  doi = {10.1038/s42004-023-00926-1},
  url = {https://doi.org/10.1038/s42004-023-00926-1},
  year = {2023},
  month = jun,
  publisher = {Springer Science and Business Media {LLC}},
  volume = {6},
  number = {1},
  author = {Adele Hardie and Benjamin P. Cossins and Silvia Lovera and Julien Michel},
  title = {Deconstructing allostery by computational assessment of the binding determinants of allosteric {PTP}1B modulators},
  journal = {Communications Chemistry}
}


@article{Wang2015,
  doi = {10.1021/ja512751q},
  url = {https://doi.org/10.1021/ja512751q},
  year = {2015},
  month = feb,
  publisher = {American Chemical Society ({ACS})},
  volume = {137},
  number = {7},
  pages = {2695--2703},
  author = {Lingle Wang and Yujie Wu and Yuqing Deng and Byungchan Kim and Levi Pierce and Goran Krilov and Dmitry Lupyan and Shaughnessy Robinson and Markus K. Dahlgren and Jeremy Greenwood and Donna L. Romero and Craig Masse and Jennifer L. Knight and Thomas Steinbrecher and Thijs Beuming and Wolfgang Damm and Ed Harder and Woody Sherman and Mark Brewer and Ron Wester and Mark Murcko and Leah Frye and Ramy Farid and Teng Lin and David L. Mobley and William L. Jorgensen and Bruce J. Berne and Richard A. Friesner and Robert Abel},
  title = {Accurate and Reliable Prediction of Relative Ligand Binding Potency in Prospective Drug Discovery by Way of a Modern Free-Energy Calculation Protocol and Force Field},
  journal = {Journal of the American Chemical Society}
}

@article{Braun2019,
  doi = {10.33011/livecoms.1.1.5957},
  url = {https://doi.org/10.33011/livecoms.1.1.5957},
  year = {2019},
  publisher = {University of Colorado at Boulder},
  volume = {1},
  number = {1},
  author = {Efrem Braun and Justin Gilmer and Heather B. Mayes and David L. Mobley and Jacob I. Monroe and Samarjeet Prasad and Daniel M. Zuckerman},
  title = {Best Practices for Foundations in Molecular Simulations [Article v1.0]},
  journal = {Living Journal of Computational Molecular Science}
}

@article{Qian2019,
  doi = {10.1021/acs.jpcb.9b07588},
  url = {https://doi.org/10.1021/acs.jpcb.9b07588},
  year = {2019},
  month = sep,
  publisher = {American Chemical Society ({ACS})},
  volume = {123},
  number = {41},
  pages = {8675--8685},
  author = {Yue Qian and Israel Cabeza de Vaca and Jonah Z. Vilseck and Daniel J. Cole and Julian Tirado-Rives and William L. Jorgensen},
  title = {Absolute Free Energy of Binding Calculations for Macrophage Migration Inhibitory Factor in Complex with a Druglike Inhibitor},
  journal = {The Journal of Physical Chemistry B}
}

@article{Clark2023,
  doi = {10.1021/acs.jctc.3c00139},
  url = {https://doi.org/10.1021/acs.jctc.3c00139},
  year = {2023},
  month = jun,
  publisher = {American Chemical Society ({ACS})},
  author = {Finlay Clark and Graeme Robb and Daniel J. Cole and Julien Michel},
  title = {Comparison of Receptor{\textendash}Ligand Restraint Schemes for Alchemical Absolute Binding Free Energy Calculations},
  journal = {Journal of Chemical Theory and Computation}
}

@article{Eastman2017,
  doi = {10.1371/journal.pcbi.1005659},
  url = {https://doi.org/10.1371/journal.pcbi.1005659},
  year = {2017},
  month = jul,
  publisher = {Public Library of Science ({PLoS})},
  volume = {13},
  number = {7},
  pages = {e1005659},
  author = {Peter Eastman and Jason Swails and John D. Chodera and Robert T. McGibbon and Yutong Zhao and Kyle A. Beauchamp and Lee-Ping Wang and Andrew C. Simmonett and Matthew P. Harrigan and Chaya D. Stern and Rafal P. Wiewiora and Bernard R. Brooks and Vijay S. Pande},
  editor = {Robert Gentleman},
  title = {{OpenMM} 7: Rapid development of high performance algorithms for molecular dynamics},
  journal = {{PLOS} Computational Biology}
}

@article{Huggins2018,
  doi = {10.1002/wcms.1393},
  url = {https://doi.org/10.1002/wcms.1393},
  year = {2018},
  month = sep,
  publisher = {Wiley},
  volume = {9},
  number = {3},
  author = {David J. Huggins and Philip C. Biggin and Marc A. D\"{a}mgen and Jonathan W. Essex and Sarah A. Harris and Richard H. Henchman and Syma Khalid and Antonija Kuzmanic and Charles A. Laughton and Julien Michel and Adrian J. Mulholland and Edina Rosta and Mark S. P. Sansom and Marc W. van der Kamp},
  title = {Biomolecular simulations: From dynamics and mechanisms to computational assays of biological activity},
  journal = {{WIREs} Computational Molecular Science}
}

@article{Liu2013,
  doi = {10.1007/s10822-013-9678-y},
  url = {https://doi.org/10.1007/s10822-013-9678-y},
  year = {2013},
  month = sep,
  publisher = {Springer Science and Business Media {LLC}},
  volume = {27},
  number = {9},
  pages = {755--770},
  author = {Shuai Liu and Yujie Wu and Teng Lin and Robert Abel and Jonathan P. Redmann and Christopher M. Summa and Vivian R. Jaber and Nathan M. Lim and David L. Mobley},
  title = {Lead optimization mapper: automating free energy calculations for lead optimization},
  journal = {Journal of Computer-Aided Molecular Design}
}

@article{Hahn2022,
  doi = {10.33011/livecoms.4.1.1497},
  url = {https://doi.org/10.33011/livecoms.4.1.1497},
  year = {2022},
  publisher = {University of Colorado at Boulder},
  volume = {4},
  number = {1},
  author = {David F. Hahn and Christopher I. Bayly and Melissa L Boby and Hannah E. Bruce Macdonald and John D. Chodera and Vytautas Gapsys and Antonia S. J. S. Mey and David L. Mobley and Laura Perez Benito and Christina E. M. Schindler and Gary Tresadern and Gregory L. Warren},
  title = {Best Practices for Constructing,  Preparing,  and Evaluating Protein-Ligand Binding Affinity Benchmarks [Article v1.0]},
  journal = {Living Journal of Computational Molecular Science}
}

@article{Calabr2016,
  doi = {10.1021/acs.jpcb.6b03296},
  url = {https://doi.org/10.1021/acs.jpcb.6b03296},
  year = {2016},
  month = jun,
  publisher = {American Chemical Society ({ACS})},
  volume = {120},
  number = {24},
  pages = {5340--5350},
  author = {Gaetano Calabr{\`{o}} and Christopher J. Woods and Francis Powlesland and Antonia S. J. S. Mey and Adrian J. Mulholland and Julien Michel},
  title = {Elucidation of Nonadditive Effects in Protein{\textendash}Ligand Binding Energies: Thrombin as a Case Study},
  journal = {The Journal of Physical Chemistry B}
}

@book{Bussi2019,
    author = {Giovanni Bussi and Gareth A. Tribello},
    title = {Analyzing and Biasing Simulations with PLUMED},
    editor = {Massimiliano Bonomi and Carlo Camilloni},
    publisher = {Springer Science},
    address = {New York, USA},
    year = {2019},
    booktitle = {Biomolecular Simulations},
    chapter = {21},
    doi={10.1007/978-1-4939-9608-7_21}
}